<?xml version="1.0" encoding="UTF-8"?><record xmlns="http://www.loc.gov/MARC21/slim" xmlns:cinclude="http://apache.org/cocoon/include/1.0" xmlns:zs="http://www.loc.gov/zing/srw/">
  <leader>00527cz  a2200145n  4500</leader>
  <controlfield tag="001">n  84165315 </controlfield>
  <controlfield tag="003">DLC</controlfield>
  <controlfield tag="005">20040107133717.0</controlfield>
  <controlfield tag="008">841004n| acannaab           |n aaa      </controlfield>
  <datafield tag="010" ind1=" " ind2=" ">
    <subfield code="a">n  84165315 </subfield>
  </datafield>
  <datafield tag="040" ind1=" " ind2=" ">
    <subfield code="a">DLC</subfield>
    <subfield code="c">DLC</subfield>
    <subfield code="d">DLC</subfield>
  </datafield>
  <datafield tag="100" ind1="1" ind2=" ">
    <subfield code="a">Barrett, Lois</subfield>
  </datafield>
  <datafield tag="670" ind1=" " ind2=" ">
    <subfield code="a">Her The vision and the reality, c1983:</subfield>
    <subfield code="b">t.p. (Lois Barrett) p. 4 of cover (resides Elkhart, Ind.)</subfield>
  </datafield>
  <datafield tag="670" ind1=" " ind2=" ">
    <subfield code="a">Her Building the house church, 1986:</subfield>
    <subfield code="b">CIP t.p. (Lois Barrett) data sheet (b. 11/9/47)</subfield>
  </datafield>
  <datafield tag="670" ind1=" " ind2=" ">
    <subfield code="a">Treasure in clay jars, 2004:</subfield>
    <subfield code="b">CIP t.p. (Lois Y. Barrett)</subfield>
  </datafield>
</record>